@article{paxton2010modules,
  title={Modules for experiments in stellar astrophysics (MESA)},
  author={Paxton, Bill and Bildsten, Lars and Dotter, Aaron and Herwig, Falk and Lesaffre, Pierre and Timmes, Frank},
  journal={The Astrophysical Journal Supplement Series},
  volume={192},
  number={1},
  pages={3},
  year={2010},
  publisher={IOP Publishing}
}